<record><leader>00000cas a22000007a 4500</leader><controlfield tag="001">34186334</controlfield><controlfield tag="008">960214c19uu9999ksuwr ne      0   a0eng c</controlfield><datafield ind1=" " ind2=" " tag="010"><subfield code="a">sn 96003207 </subfield></datafield><datafield ind1=" " ind2=" " tag="040"><subfield code="a">NSD</subfield><subfield code="b">eng</subfield><subfield code="c">NSD</subfield><subfield code="d">OCLCQ</subfield></datafield><datafield ind1=" " ind2=" " tag="012"><subfield code="m">1</subfield></datafield><datafield ind1="1" ind2=" " tag="022"><subfield code="a">1087-1160</subfield><subfield code="l">1087-1160</subfield><subfield code="2">1</subfield></datafield><datafield ind1=" " ind2=" " tag="032"><subfield code="a">833520</subfield><subfield code="b">USPS</subfield></datafield><datafield ind1=" " ind2=" " tag="037"><subfield code="b">The Shawnee Journal Herald, 11004 Johnson Dr., Shawnee, KS 66203-2869</subfield></datafield><datafield ind1=" " ind2=" " tag="042"><subfield code="a">nsdp</subfield><subfield code="a">pcc</subfield></datafield><datafield ind1="0" ind2=" " tag="130"><subfield code="a">Shawnee journal herald (Shawnee, Kan. : 1995)</subfield></datafield><datafield ind1=" " ind2="4" tag="222"><subfield code="a">The Shawnee journal herald</subfield><subfield code="b">(1995)</subfield></datafield><datafield ind1="1" ind2="4" tag="245"><subfield code="a">The Shawnee journal herald.</subfield></datafield><datafield ind1="1" ind2="7" tag="246"><subfield code="a">Journal herald</subfield></datafield><datafield ind1=" " ind2=" " tag="260"><subfield code="a">Shawnee, KS :</subfield><subfield code="b">Shawnee Journal Herald</subfield></datafield><datafield ind1=" " ind2=" " tag="300"><subfield code="a">v.</subfield></datafield><datafield ind1=" " ind2=" " tag="310"><subfield code="a">Weekly</subfield></datafield><datafield ind1=" " ind2=" " tag="588"><subfield code="a">Description based on: Vol. 73, no. 18 (Nov. 2, 1995).</subfield></datafield><datafield ind1="0" ind2="0" tag="780"><subfield code="t">Journal-herald</subfield><subfield code="w">(DLC)sn 85029755</subfield><subfield code="w">(OCoLC)12401485</subfield></datafield></record>